@book{Lekhnitskii1968,
address = {New York},
author = {Lekhnitskii, S.G.},
mendeley-groups = {Linear Elasticity},
publisher = {Gordon and Bleach Science},
title = {{Anisotropic Plates}},
year = {1968}
}


@book{Koussios2015,
address = {Delft},
author = {{Koussios, S}},
booktitle = {Stress Concentrations around Holes Lecture Notes},
mendeley-groups = {Linear Elasticity},
publisher = {Faculty of Aerospace Engineering, Delft University of Technology},
title = {{Stress Concentrations around Holes Lecture Notes}},
year = {2015}
}


@book{Kassapoglou2015,
author = {Kassapoglou, C},
booktitle = {Modeling the effect of damage in composite structures: Simplified approaches},
doi = {},
isbn = {},
issn = {},
mendeley-groups = {Research methodology},
number = {},
pages = {1},
title = {{Modeling the effect of damage in composite structures}},
volume = {},
publisher = {United Kingdom:John Wiley \& Sons},
year = {2015}
}

@article{Lekhnitskiy1937,
author = {Lekhnitskiy, S. G.},
journal = {Prikladnaya maten1atika i lnekhanika},
mendeley-groups = {Linear Elasticity},
title = {{Plane statical problem of the theory of elasticity of anisotropic body.}},
volume = {I},
year = {1937}
}

@incollection{Koussios2009,
author = {S. Koussios and A. Beukers},
booktitle = {Variational Analysis and Aerospace Engineering},
chapter = {14},
file = {:E\:/Uni/Yazd/Linear Elasticity/Project/literature/(Springer optimization and its applications 33) Giuseppe Buttazzo, Aldo Frediani (auth.) - Variational analysis and aerospace engineering-Springer-Verlag New York (2009).pdf:pdf},
isbn = {9780387958569},
mendeley-groups = {Linear Elasticity},
pages = {243},
publisher = {Springer Heidelberg, Dordrecht},
title = {{Lekhnitskii's Formalism for Stress Concentrations Around Irregularities in Anisotropic Plates: Solutions for Arbitrary Boundary Conditions}},
year = {2009}
}

@phdthesis{Jong1987,
author = {de Jong, Th.},
file = {:E\:/Uni/Yazd/Linear Elasticity/Project/literature/TR DISS 1581(1).PDF:PDF},
mendeley-groups = {Linear Elasticity},
pages = {23},
school = {Delft University of Technology},
title = {{On the calculation of stresses in pin-loaded anisotropic plates}},
year = {1987}
}

@book{Young2017,
author = {Young, J.R.},
booktitle = {An Elementary Treatise on Algebra, Theoretical and Practical},
edition = {4th},
doi = {},
isbn = {},
issn = {},
mendeley-groups = {Research methodology},
number = {},
pages = {1},
title = {{An Elementary Treatise on Algebra, Theoretical and Practical}},
volume = {},
publisher = {Aret\^{e} Publishing Company, London},
year = {1844}
}

@book{Kaw2006,
address = {New York},
author = {Kaw, Autar K.},
booktitle = {Micromechanics of Composite Materials},
doi = {10.1016/C2011-0-05224-9},
edition = {2nd},
file = {:E\:/Uni/Delft/Design & Analysis of Composite Structures I/Extra/[Autar_K._Kaw]_Mechanics_of_Composite_Materials,_S(BookZZ.org)/[Autar_K._Kaw]_Mechanics_of_Composite_Materials,_S(BookZZ.org).pdf:pdf},
isbn = {9780123970350},
mendeley-groups = {Linear Elasticity},
publisher = {CRC Press},
title = {{Mechanics of Composite Materials}},
year = {2006}
}


@book{Daniel2006,
address = {New York, London},
author = {{M. Daniel, Isaac, lshai}, Ori},
booktitle = {Materials & Design},
doi = {10.1016/s0261-3069(97)87195-6},
edition = {2nd},
file = {:E\:/Uni/Delft/Design & Analysis of Composite Structures I/[Isaac_M._Daniel,_Ori_lshai]_Engineering_Mechanics(BookZZ.org).pdf:pdf},
isbn = {9780195150971},
issn = {02613069},
mendeley-groups = {Linear Elasticity},
publisher = {Oxford University Press},
title = {{Engineering mechanics of composite materials}},
year = {2006}
}

@inproceedings{Koussios2008,
title = "Continuity of the Solutions Obtained by Lekhnitskii's Theory for Anisotropic plates: Sign Selection Strategies",
keywords = "conference contrib. refereed, Conf.proc. > 3 pag",
author = "S Koussios",
year = "2008",
language = "Undefined/Unknown",
isbn = "978-1-932078-95-4",
publisher = "DEStech publications, Inc.",
pages = "1--20",
editor = "TE Lacy and R Sullivan and AJ Vizzini",
booktitle = "Proceedings of the American Society of Composites",
note = "null ; Conference date: 09-09-2008 Through 11-09-2008",
}