@article{krenchel1964fibre,
  title={Fibre reinforcement; theoretical and practical investigations of the elasticity and strength of fibre-reinforced materials},
  author={Krenchel, Herbert},
  year={1964},
  publisher={Akademisk forlag}
}

@article{HartSmith1992,
   author = {Hart-Smith and L. J.},
   issn = {0583-9270},
   issue = {2},
   journal = {WeiEn},
   pages = {29-45},
   title = {The ten-percent rule for preliminary sizing of fibrous composite structures},
   volume = {52},
   year = {1992},
}

@article{ASTMD3171,
   doi = {10.1520/C0033-03},
   author = {ASTM International},
   issue = {2},
   title = {{Standard Test Methods for Constituent Content of Composite Materials}},
   volume = {15.03},
   year = {2022},
}

@article{Hashin2016,
   author = {Z. Hashin and A. Rotem},
   doi = {10.1177/002199837300700404},
   issn = {1530793x},
   issue = {4},
   journal = {Journal of Composite Materials},
   month = {7},
   pages = {448-464},
   publisher = {Sage PublicationsSage CA: Thousand Oaks, CA},
   title = {A Fatigue Failure Criterion for Fiber Reinforced Materials},
   volume = {7},
   year = {2016},
}

@article{Imielinska2004,
   author = {K. Imieli\'nska and M. Castaings and R. Wojtyra and J. Haras and E. Le Clezio and B. Hosten},
   doi = {10.1016/J.JMATPROTEC.2004.07.143},
   issn = {0924-0136},
   issue = {SPEC. ISS.},
   journal = {Journal of Materials Processing Technology},
   keywords = {Impact,NDT testing,NDT ultrasonic technique,Polymer composites},
   month = {12},
   pages = {513-522},
   publisher = {Elsevier},
   title = {Air-coupled ultrasonic C-scan technique in impact response testing of carbon fibre and hybrid: glass, carbon and Kevlar/epoxy composites},
   volume = {157-158},
   year = {2004},
}

@book{helius,
  title = "Helius Composite Support and Learning",
  author = "Autodesk",
  year = "2016",
  language = "English",
  publisher = "Autodesk",
  address = "United States",
} 

@software{Hauffe_eLamX_-_expandable_2022,
author = {Hauffe, Andreas},
license = {GPL-3.0},
month = {7},
title = {{{{eLamX$^2$ - expandable Laminate Explorer}}}},
url = {https://github.com/AndiMb/eLamX2},
version = {2.7.0},
year = {2022}
}
